@INPROCEEDINGS{7083201,
  author={Hansen, Peter S. K. and Hansen, Per Christian and Hansen, Steffen Duus and SÃ¸rensen, John Aasted},
  booktitle={1996 8th European Signal Processing Conference (EUSIPCO 1996)}, 
  title={Noise reduction of speech signals using the rank-revealing ULLV decomposition}, 
  year={1996},
  volume={},
  number={},
  pages={1-4},
  doi={}}

@book{appliedLinearAlgebra,
    title={Applied Linear Algebra},
    author={Peter J Olver and Chehrzad Shakiban},
    isbn={978-3-319-910 41-3},
    series={Undergraduate Texts in Mathematics},
    year={2018},
    publisher={Springer International Publishing AG},
    keywords = {math}
}

@booklet{roughgarden,
    title="CS168: The Modern Algorithmic Toolbox Lecture #9: The Singular Value Decomposition (SVD) and Low-Rank Matrix Approximations",
    author={Tim Roughgarden and Gregory Valiant},
    year={2023},
    publisher={Stanford Computer Science Department}
}

